@book{ThePrinciplesOfDeepLearningTheory,
	doi = "10.1017/9781009023405",
	url = "https://doi.org/10.1017%2F9781009023405",
	year = "2022",
	month = "may",
	publisher = "Cambridge University Press",
	author = "Daniel A. Roberts and Sho Yaida and Boris Hanin",
	title = "The Principles of Deep Learning Theory"
}

@online{MLDefinition,
	url = "https://www.oxfordlearnersdictionaries.com/us/definition/english/machine-learning",
	urldate = "2023-08-23"
}

@misc{TuringGamePaper,
	title="Human or Not? A Gamified Approach to the Turing Test", 
	author="Daniel Jannai and Amos Meron and Barak Lenz and Yoav Levine and Yoav Shoham",
	year="2023",
	eprint="2305.20010",
	archivePrefix="arXiv",
	primaryClass="cs.AI"
}

@online{FirstThinkingMachinesArticle,
	author = "Esther Inglis-Arkell",
	date = "2012-03-07",
	url = "https://gizmodo.com/the-very-first-robot-brains-were-made-of-old-alarm-cl-5890771",
	urldate = "2023-08-23",	
}

@article{TuringThinkingPaper,
	author = "TURING, A. M.",
	title = "I.â€”COMPUTING MACHINERY AND INTELLIGENCE",
	journal = "Mind",
	volume = "LIX",
	number = "236",
	pages = "433-460",
	year = "1950",
	month = "10",
	issn = "0026-4423",
	doi = "10.1093/mind/LIX.236.433",
	url = "https://doi.org/10.1093/mind/LIX.236.433",
	eprint = "https://academic.oup.com/mind/article-pdf/LIX/236/433/30123314/lix-236-433.pdf",
}

@article{NaturalGradientpaper,
	author="Amari, S. and Douglas, S.C.",
	booktitle="Proceedings of the 1998 IEEE International Conference on Acoustics, Speech and Signal Processing, ICASSP '98 (Cat. No.98CH36181)", 
	title="Why natural gradient?", 
	year="1998",
	volume="2",
	number="",
	pages="1213-1216 vol.2",
	doi="10.1109/ICASSP.1998.675489"}

@article{adamPaper,
	title="Adam: A Method for Stochastic Optimization", 
	author="Diederik P. Kingma and Jimmy Ba",
	year="2017",
	eprint="1412.6980",
	archivePrefix="arXiv",
	primaryClass="cs.LG"
}

@article{LossExamplePaper,
	author = "Wang, Qi and Ma, Yue and Zhao, Kun and Tian, Yingjie",
	year = "2022",
	title = "A Comprehensive Survey of Loss Functions in Machine Learning",
	journal = "Annals of Data Science",
	volume = "9",
	issue = "2",
	pages = "2198--5812",
	DOI = "10.1007/s40745-020-00253-5"}
@INPROCEEDINGS{firstMNISTpaper,
	author="Bottou, L. and Cortes, C. and Denker, J.S. and Drucker, H. and Guyon, I. and Jackel, L.D. and LeCun, Y. and Muller, U.A. and Sackinger, E. and Simard, P. and Vapnik, V.",
	booktitle="Proceedings of the 12th IAPR International Conference on Pattern Recognition, Vol. 3 - Conference C: Signal Processing (Cat. No.94CH3440-5)", 
	title="Comparison of classifier methods: a case study in handwritten digit recognition", 
	year="1994",
	volume="2",
	number="",
	pages="77-82 vol.2",
	doi="10.1109/ICPR.1994.576879"}

@article{gao2018properties,
	title="On the Properties of the Softmax Function with Application in Game Theory and Reinforcement Learning", 
	author="Bolin Gao and Lacra Pavel",
	year="2018",
	eprint="1704.00805",
	archivePrefix="arXiv",
	primaryClass="math.OC"}
@article{Introduction_to_artificial_neural_networks,
	author = "Grossi, Enzo and Buscema, Massimo",
	title = "Introduction to artificial neural networks",
	journal = "European Journal of Gastroenterology and Hepatology",
	volume = "19",
	number = "12",
	pages = "1046--1054",
	month = "12",
	year = "2007",
	DOI = "10.1097/MEG.0b013e3282f198a0"}

@article{A_logical_calculus_of_the_ideas_immanent_in_nervous_activity,
	author = "McCulloch, Warren S. and Pitts, Walter",
	title = "A logical calculus of the ideas immanent in nervous activity",
	journal = "Bulletin of Mathematical Biophysics",
	volume = "5",
	pages = "115--133",
	year = "1943",
	DOI = "https://doi.org/10.1007/BF02478259"}